<collection xmlns="http://www.loc.gov/MARC21/slim">
<record>
  <leader>01112nam0a2200241 i 450 </leader>
  <controlfield tag="001">IT\ICCU\CNCE\032712</controlfield>
  <controlfield tag="005">20140410000000.0</controlfield>
  <datafield tag="012" ind1=" " ind2=" ">
    <subfield code="a">eife rere zaza nana (C) 1515 (Q)</subfield>
    <subfield code="2">fei</subfield>
  </datafield>
  <datafield tag="100" ind1=" " ind2=" ">
    <subfield code="a">19971215f1515        0itac0103    ba</subfield>
  </datafield>
  <datafield tag="101" ind1=" " ind2=" ">
    <subfield code="a">ITA</subfield>
  </datafield>
  <datafield tag="102" ind1=" " ind2=" ">
    <subfield code="a">IT</subfield>
  </datafield>
  <datafield tag="200" ind1="1" ind2=" ">
    <subfield code="a">In questa opera intenderiti la vegnuta de la mayestade de lo re di Franza in Italia per scasare li Alamani como paso in Piemonte &amp; piglio tuto lo Millanese con grande honore</subfield>
  </datafield>
  <datafield tag="210" ind1=" " ind2=" ">
    <subfield code="d">\1515!</subfield>
  </datafield>
  <datafield tag="215" ind1=" " ind2=" ">
    <subfield code="a">\2! c.</subfield>
    <subfield code="c">ill.</subfield>
    <subfield code="d">4ʻ</subfield>
  </datafield>
  <datafield tag="300" ind1=" " ind2=" ">
    <subfield code="a">Stampata a Mondov da Giuseppe Berruerio. Cfr. M. Bersano Begey, G. Dondi, Le cinquecentine piemontesi</subfield>
  </datafield>
  <datafield tag="517" ind1="1" ind2=" ">
    <subfield code="3">IT\ICCU\CNCE\051130</subfield>
    <subfield code="a">℗La ℗vegnuta de la mayestade de lo re di Franza in Italia</subfield>
  </datafield>
  <datafield tag="620" ind1=" " ind2=" ">
    <subfield code="a">IT</subfield>
    <subfield code="d">Mondov</subfield>
  </datafield>
  <datafield tag="712" ind1="0" ind2="0">
    <subfield code="a">Berruerio, Giuseppe</subfield>
    <subfield code="3">IT\ICCU\CNCT\000388</subfield>
    <subfield code="4">650</subfield>
  </datafield>
  <datafield tag="791" ind1="0" ind2="0">
    <subfield code="a">Berrueris, Iosephus de</subfield>
    <subfield code="3">IT\ICCU\CNCT\004348</subfield>
    <subfield code="z">Berruerio, Giuseppe</subfield>
  </datafield>
  <datafield tag="791" ind1="0" ind2="0">
    <subfield code="a">Berrueri, Ioseph</subfield>
    <subfield code="3">IT\ICCU\CNCT\004349</subfield>
    <subfield code="z">Berruerio, Giuseppe</subfield>
  </datafield>
  <datafield tag="791" ind1="0" ind2="0">
    <subfield code="a">Berruerius, Iosephus</subfield>
    <subfield code="3">IT\ICCU\CNCT\004350</subfield>
    <subfield code="z">Berruerio, Giuseppe</subfield>
  </datafield>
  <datafield tag="801" ind1=" " ind2="3">
    <subfield code="a">IT</subfield>
    <subfield code="b">ICCU</subfield>
    <subfield code="c">20201114</subfield>
  </datafield>
  <datafield tag="899" ind1=" " ind2=" ">
    <subfield code="a">Biblioteca Reale. Torino</subfield>
    <subfield code="1">TO0263</subfield>
    <subfield code="2">TO0 07</subfield>
  </datafield>
</record>
</collection>
